@INPROCEEDINGS{tcp_rto,
	author = "Seddigh, N. and Devetsikiotis, M.",
	title = "Studies of {TCP}'s Retransmission Timeout Mechanism",
	booktitle = "Proc. {IEEE} International Conference on Communications ({ICC})",
	year = "2001",
	month = "June",
}

@INPROCEEDINGS{v6multi,
	author = "Savola, P.",
	title = "A Survey of {IP}v6 Site Multihoming Proposals",
	booktitle = "Proc. {IEEE} Internet Conference of Telecommunications ({ConTel} 2005)",
	year = "2005",
	month = "June",
}

@TECHREPORT{traceroute,
	author = "{V. Jacobson et al.}",
	title = "traceroute",
	institution = "{UNIX}",
	type = "man page",
	year = "1989",
	note = "See source code: \url{ftp://ftp.ee.lbl.gov/traceroute.tar.gz}",
}

@INPROCEEDINGS{ark,
	author = "{c}laffy, {kc} and Hyun, Y. and Keys, K. and Fomenkov, M. and Krioukov, D.",
	title = "{I}nternet Mapping: from Art to Science",
	booktitle = "Proc. {IEEE} Cybersecurity Applications and Technologies Conference for Homeland Security ({CATCH})",
	year = "2009",
	month = "March",
}

@ARTICLE{lispCCR,
	author = "Saucez, D. and Iannone, L. and Donnet, B.",
	title = "A First Measurement Look at the Deployment and Evolution of the Locator/ID Separation Protocol",
	journal = "{ACM} {SIGCOMM} Computer Communication Review",
	year = "2013",
	volume = "43",
	number = "1",
	pages = "37--43",
	month = "April",
}

@ARTICLE{cleanslate,
	author = "Feldmann, A.",
	title = "{I}nternet Clean-Slate Design: What and Why?",
	journal = "{ACM SIGCOMM} Computer communication Review",
	year = "2007",
	volume = "37",
	number = "3",
	pages = "59--64",
	month = "July",
}

@INPROCEEDINGS{multihoming,
	author = "Akella, A. and Shaikh A. and Sitaraman, R.",
	title = "A Measurement-Based Analysis of Multihoming",
	booktitle = "Proc. {ACM} {SIGCOMM}",
	year="2003",
	month = "August",
}

@MISC{lispALTPourri,
	author = "Fuller, V.",
	title = "{LISP-DDT}: A New Mapping Database for {LISP}",
	month = "June",
	year = "2012",
	note = "Nanog 55 Talk",
}

@INPROCEEDINGS{quoitin,
	author = "Quoitin, B. and Iannone, L. and De Launois, C. and Bonaventure, O.",
	title = "Evaluating the Benefits of the Locator/Identifier Separation",
	booktitle = "Proc. {ACM/IEEE} International Workshop on Mobility in the Evolving Internet Architecture ({MOBIARCH})",
	year = "2007",
	month = "August",
}

@MISC{lispmon,
	title = "{LISPmon}",
	note = "See \url{http://www.lispmon.net}",
}

@MISC{lispbeta,
	title = "{LISP Beta Network}",
	note = "See \url{http://www.lisp4.net}",
}

@MISC{lisplab,
	title = "{LISP-Lab}",
	note = "See \url{http://www.lisp-lab.org/}",
}

@ARTICLE{tussle,
	author = "Clark, D. D. and Wroclawski, J. and Sollins, K. R. and Braden, R.",
	title = "Tussle in Cyberspace: Defining Tomorrow's {I}nternet",
	journal = "{IEEE/ACM} Transactions on Networking",
	year = "2005",
	volume = "13",
	number = "3",
	pages = "462--475",
	month = "June",
}

@INPROCEEDINGS{hair,
	author = "Feldmann, A. and Cittadini, L. and Muhlbauer, W. and Bush, R. and Maennel, O.",
	title = "{HAIR}: {Hierarchical} {A}rchitecture for {I}nternet {R}outing",
	booktitle = "Proc. {ACM CoNEXT} ReArch Workshop",
	year = "2009",
	month = "December",
}

@INPROCEEDINGS{nira,
	author = "Yang, X.",
	title = "{NIRA}: A {N}ew {I}nternet {R}outing {A}rchitecture",
	booktitle = "Proc. {ACM SIGCOMM} Workshop on Future Directions in Network Architecture ({FDNA})",
	year = "2003",
	month = "August",
}

@INPROCEEDINGS{fara,
	author = "Clark, D. and Braden, R. and Falk, A. and Pingali, V.",
	title = "{FARA}: Reorganizing the Addressing Architecture",
	booktitle = "Proc. {ACM SIGCOMM} Workshop on Future Directions in Network Architecture ({FDNA})",
	year = "2003",
	month = "August",
}

@ARTICLE{openflow,
	author = "McKeown, N. and Anderson, T. and Balakrishnan, H. and Parulkar, G. and Peterson, L. and Rexford, J. and Shenker, S. and Turner, J.",
	title = "{O}pen{F}low: Enabling Innovation in Campus Networks",
	journal = "{ACM SIGCOMM} Computer communication Review",
	year = "2008",
	volume = "38",
	number = "2",
	pages = "69--74",
	month = "March",
}

@INPROCEEDINGS{locatorsDynamics,
	author = "Saucez, D. and Donnet, B.",
	title = "On the Dynamics of Locators in {LISP}",
	booktitle = "Proc. {IFIP} Networking",
	year = "2012",
	month = "May",
}

@MISC{potaroo,
	author = "Huston, G.",
	title = "{BGP} Routing Table Analysis Reports",
	year = "2004",
	note = "See \url{http://bgp.potaroo.net}",
}

@ARTICLE{meng,
	author="Meng, X. and  Xu, Z. and Zhang, B. and Huston, G. and Lu, S. and Zhang, L.",
	title="{IP}v4 Address Allocation and the {BGP} Routing Table Evolution",
	journal="{ACM} {SIGCOMM} Computer Communcation Review",
	year="2005",
	volume="35",
	number="1",
	pages="71--80",
}

@INPROCEEDINGS{lispFailureRecovery,
	author = "Saucez, D. and Kim, J. and Iannone, L. and Bonaventure, O. and Filsfils, C.",
	title = "A Local Approach to Fast Failure Recovery of {LISP} Ingress Tunnel Routers",
	booktitle = "In Proc. {IFIP} Networking",
	year = "2012",
	month = "May",
}

@ARTICLE{lispCoreCast,
	author = "Jakab, L. and Cabellos-Aparicio, A. and Silverston, T. and Sol\'e, M. and Coras, F. and Domingo-Pascual, J.",
	title = "{C}ore{C}ast: How Core/Edge Separation Can Help Improving Inter-Domain Live Streaming",
	journal = "Computer Networks ({COMNET})",
	year = "2010",
	volume = "54",
	number = "18",
	pages = "3388--3401",
	month = "December",
}

@INPROCEEDINGS{lispCacheLRU,
	author = "Zhang, H. and Chen, M. and Zhu, Y.",
	title = "Evaluating the Performance on {ID}{L}oc Mapping",
	booktitle = "Proc. {IEEE} Global Communications Conference ({GLOBECOM})",
	year = "2008",
	month = "November",
}

@INPROCEEDINGS{lispCacheCost,
	author = "Iannone, L. and Bonaventure, O.",
	title = "On the Cost of Caching {L}ocator/{ID} Mappings",
	booktitle = "Proc. {ACM} {SIGCOMM} CoNEXT",
	year = "2007",
	month = "December",
}

@INPROCEEDINGS{lispCacheDive,
	author = "Kim, J. and Iannone, L. and Feldmann, A.",
	title = "A Deep Dive into the {LISP} Cache",
	booktitle = "Proc. {IFIP} Networking",
	year = "2011",
	month = "May",
}

@INPROCEEDINGS{lispCacheModel,
	author = "Coras, F. and Cabellos-Aparicio, A. and Domingo-Pascual, J.",
	title = "An Analytical Model for the {LISP} Cache Size",
	booktitle = "Proc. {IFIP} Networking",
	year = "2012",
	month = "May",
}

@INPROCEEDINGS{lispTE,
	author = "Saucez, D. and Donnet, B. and Iannone, L. and Bonaventure, O.",
	title = "Interdomain Traffic Engineering in a Locator/Identifier Separation Context",
	booktitle = "Proc. Internet Network Management Workshop ({INM})",
	year = "2008",
	month = "October",
}

@TECHREPORT{lig.hidden,
	author = "Farinacci, D. and Meyer, D.",
	title = "{LISP} {I}nternet {G}roper ({LIG})",
	institution = "{I}nternet {E}ngineering {T}ask {F}orce",
	year = "2011",
	type = "Internet Draft, Work in Progress",
	number = "draft-ietf-lisp-lig-06.txt",
	month = "September",
}

@TECHREPORT{lisp-draft,
	author = "Farinacci, D. and Fuller, V. and Meyer, D. and Lewis, D.",
	title = "Locator/{ID} Separation Protocol ({LISP})",
	institution = "{I}nternet {E}ngineering {T}ask {F}orce",
	year = "2012",
	type="Internet Draft, Work in Progress",
	number = "draft-ietf-lisp-23.txt",
	month = "May",
}

@ARTICLE{lisp-journal,
	author = "Saucez, D. and Iannone, L. and Bonaventure, O. and Farinacci, D.",
	title = "Designing a Deployable {I}nternet, The Locator/{ID}entifier Separation Protocol",
	journal = "{IEEE} Internet Computing",
	volume = "16",
	number = "6",
	year = "2012",
	pages = "14-21",
	month = "November/December",
}

@TECHREPORT{lispMapServer.old,
	author = "Fuller, V. and Farinacci, D.",
	title = "{LISP} {M}ap {S}erver",
	institution = "{I}nternet {E}ngineering {T}ask {F}orce",
	year = "2012",
	type="Internet Draft, Work in Progress",
	number = "draft-ietf-lisp-ms-16.txt",
	month = "March",
}

@ARTICLE{lispTree,
	author = "Jakab, L. and Cabellos-Aparicio, A. and Coras, F. and Saucez, D. and Bonaventure, O.",
	title = "{LISP-TREE}: a {DNS} Hierarchy to Support the {LISP} Mapping System",
	journal = "{IEEE} Journal on Selected Areas in Communications",
	year = "2010",
	volume = "28",
	number = "8",
	pages = "1332 -- 1343",
	month = "October",
}

@TECHREPORT{lispAlt,
	author = "Fuller, V. and Farinacci, D. and Meyer, D. and Lewis, D.",
	title = "{LISP} Alternative Topology ({LISP+ALT})",
	institution = "{I}nternet {E}ngineering {T}ask {F}orce",
	year = "2011",
	type = "Internet Draft (Work in Progress)",
	number = "draft-ietf-lisp-alt-10",
	month = "December",
}

@TECHREPORT{lispDDT00,
	author = "Fuller, V. and Lewis, D. and Ermagan, V. Jain, A.",
	title = "{LISP} {D}elegated {D}atabase {T}ree",
	institution = "{I}nternet {E}ngineering {T}ask {F}orce",
	year = "2012",
	type="Internet Draft, Work in Progress",
	number = "draft-ietf-lisp-ddt-00.txt",
	month = "July",
}

@TECHREPORT{lispDDT,
	author = "Fuller, V. and Lewis, D. and Ermagan, V. Jain, A.",
	title = "{LISP} {D}elegated {D}atabase {T}ree",
	institution = "{I}nternet {E}ngineering {T}ask {F}orce",
	year = "2013",
	type="Internet Draft, Work in Progress",
	number = "draft-ietf-lisp-ddt-01.txt",
	month = "March",
}


@INPROCEEDINGS{lispDht,
	author = "Mathy, L. and Iannone, L.",
	title = "{LISP-DHT}: Towards a {DHT} to Map Identifiers onto Locators",
	booktitle = "Proc. Re-Architecturing the Internet Workshop ({ReArch})",
	year = "2008",
	month = "December",
}

@TECHREPORT{lispAlt.old,
	author = "Fuller, V. and Farinacci, D. and Meyer, D. and Lewis, D.",
	title = "{LISP} {A}lternative {T}opology ({LISP+ALT})",
	institution = "{I}nternet {E}ngineering {T}ask {F}orce",
	year = "2011",
	type="Internet Draft, Work in Progress",
	number = "draft-ietf-lisp-alt-10.txt",
	month = "December",
}

@TECHREPORT{Atkinson_ILNP:2008,
	author = "Atkinson, R.",
	title = "{ILNP Concept of Operations}",
	institution = "{I}nternet {E}ngineering {T}ask {F}orce",
	year = "2011",
	type="~",
	number = "draft-rja-ilnp-intro-11.txt",
	month = "July",
}

@ARTICLE{internetComputing.old,
	author = "Saucez, D. and Iannone, L. and Bonaventure, O. and Farinacci, D.",
	title = "Designing a Deployable Future {I}nternet: the Locator/Identifier Separation Protocol ({LISP}) case",
	journal = "{IEEE} Internet Computing",
	year = "2012",
	volume = "99",
	number = "PrePrints",
	month = "August",
}

@TECHREPORT{rfc2784,
	author = "Farinacci, D. and Li, T. and Hanks, S. and Meyer, d. and Traina, P.",
	title = "Generic Routing Encapsulation ({GRE})",
	institution = "{I}nternet {E}ngineering {T}ask {F}orce",
	year = "2000",
	type = "{RFC}",
	number = "2784",
	month = "March",
}

@TECHREPORT{rfc4984,
	author = "Meyer, D. and Zhang, L. and Fall, K.",
	title = "Report from the {IAB} Workshop on Routing and Addressing",
	institution = "{I}nternet {E}ngineering {T}ask {F}orce",
	year = "2008",
	type = "{RFC}",
	number = "4984",
	month = "September",
}

@TECHREPORT{rfc4423,
	author = "Moskowitz, R. and Nikander, P.",
	title = "Host Identity Protocol ({HIP}) Architecture",
	institution = "{I}nternet {E}ngineering {T}ask {F}orce",
	year = "2006",
	type = "{RFC}",
	number = "4423",
	month = "May",
}

@TECHREPORT{rfc5533,
	author = "Nordmark, E. and Bagnulo, M.",
	title = "Shom6: Level 3 Multihoming Shim Protocol for {IP}v6",
	institution = "{I}nternet {E}ngineering {T}ask {F}orce",
	year = "2009",
	type = "{RFC}",
	number = "5533",
	month = "June",
}

@TECHREPORT{rfc6115,
	author = "Li, T.",
	title = "Recommendation for a Routing Architecture",
	institution = "{I}nternet {R}esearch {T}ask {F}orce",
	year = "2011",
	type = "{RFC}",
	number = "6115",
	month = "February",
}

@TECHREPORT{rfc6830,
	author = "Farinacci, D. and Fuller, V. and Meyer, D. and Lewis, D.",
	title = "The Locator/{ID} Separation Protocol ({LISP})",
	institution = "{I}nternet {E}ngineering {T}ask {F}orce",
	year = "2013",
	type = "{RFC}",
	number = "6830",
	month = "January",
}

@TECHREPORT{rfc6832,
	author = "Lewis, D. and Meyer, D. and Farinacci, D. and Fuller, V.",
	title = "Interworking Between Locator/ID Separation Protocol ({LISP}) and Non-{LISP} Sites",
	institution = "{I}nternet {E}ngineering {T}ask {F}orce",
	year = "2013",
	type = "{RFC}",
	number = "6832",
	month = "January",
}


@TECHREPORT{rfc6833,
	author = "Fuller, V. and et al.",
	title = "Locator/{ID} Separation Protocol ({LISP}) Map-Server Interface",
	institution = "{I}nternet {E}ngineering {T}ask {F}orce",
	year = "2013",
	type = "{RFC}",
	number = "6833",
	month = "January",
}

@TECHREPORT{rfc6834,
author = "Locator/{ID} Separation Protocol ({LISP}) Map-Versioning",
title = "Iannone, L. and Saucez, D. and Bonaventure, O.",
institution = "{I}nternet {E}ngineering {T}ask {F}orce",
year = "2013",
type = "{RFC}",
number = "6834",
month = "January",
}

@TECHREPORT{rfc6835,
	author = "Farinacci, D. and Meyer, D.",
	title = "The Locator/{ID} Separation Protocol {I}nternet Groper ({LIG})",
	institution = "{I}nternet {E}ngineering {T}ask {F}orce",
	year = "2013",
	type = "{RFC}",
	number = "6835",
	month = "January",
}

@TECHREPORT{rfc6836,
	author = "Fuller, V. and Farinacci, D. and Meyer, D. and Lewis, D.",
	title = "Locator/{ID} Separation Protocol Alternative Logical Topology ({LISP+ALT})",
	institution = "{I}nternet {E}ngineering {T}ask {F}orce",
	year = "2013",
	type = "{RFC}",
	number = "6836",
	month = "January",
}

@TECHREPORT{mn14,
	author = "D. Farinacci and D. Lewis and D. Meyer and C. White",
	title = "LISP Mobile Node draft-ietf-lisp-mn-14",
	institution = "{I}nternet {E}ngineering {T}ask {F}orce",
	year = "2017",
	type = "{Internet-Draft}",
}

@INPROCEEDINGS{lispMN,
	author = "Menth, M. and Klein, D. and Hartmann, M.",
	title = "Improvements to {LISP} Mobile Node",
	booktitle = "Proc. International Teletraffic Congress ({ITC})",
	year = "2010",
	month = "September",
}          

@INPROCEEDINGS{lispsec1,
	author = "Mahdi, A. and Al-Nemrat, A. and Preston, D.",
	title = "Securing Address Registration in {L}ocation/{ID} Split Protocol Using {ID}-Based Cryptography",
	booktitle = "Proc. International Conference on Wired/Wireless Internet Communications ({WWIC})",
	year = "2013",
	month = "June",
}

@INPROCEEDINGS{lispsec2,
	author = "Mahdi, A.",
	title = "A Novel Security Protocol for Resolving Addresses in the {L}ocation/{ID} Split Architecture",
	booktitle = "Proc. International Conference on Network and System Security ({NSS})",
	year = "2013",
	month = "June",
}


@INBOOK{lispsecbook,
	author = "Saucez, D. and Iannone, L. and Bonaventure, O.",
	editor = "Boucadair, M. and Binet, D.",
	title = "Solutions for Sustaining Scalability in Internet Growth",  
	chapter = "The Map-and-Encap Locator/Identifier Separation Paradigm: a Security Analysis",
	publisher = 	 "IGI Global",
	year = "2013",
	pages = "148--163",
}

@INPROCEEDINGS{lispTEsecci,
	author = "Secci, S. and Liu, K. and Rao, G. K. and Jabbari, B.",
	title = "Resilient Traffic Engineering in a Transit-Edge Separated Internet Routing",
	booktitle = "Proc. {IEEE} International Conference on Communications ({ICC})",
	year = "2011",
	month = "June",
}

@ARTICLE{info3-articles-2013-06,
	author = "Hoefling, M. and Menth, M. and Hartmann, M.",
	title = "A Survey on Mapping Systems for Locator/Identifier Split Internet Routing",
	journal = "{IEEE} Communications Surveys and Tutorials",
	year = "2013",
	volume = "15",
	number = "4",
	pages = "1842--1858",
	month = "November",
}

@BOOK{van1992computational,
	title="Computational Frameworks for the Fast {F}ourier Transform",
	author="Van Loan, C.",
	year="1992",
	publisher="Society for Industrial and Applied Mathematics",
}

@BOOK{dunn2014measurement,
author = "Dunn, P. F.",
title = "Measurement and Data Analysis for Engineering and Science",
publisher = "{CRC} Press",
year = "2014",
}


@INPROCEEDINGS{coras2014performance,
author = "Coras, F. and Saucez, D. and Iannone, L. and Donnet, B.",
title = "On the Performance of the {LISP} Beta Network",
booktitle = "Proc. {IFIP} Networking",
year = "2014",
month = "June",
}

@INPROCEEDINGS{savola2005survey,
author = "Savola, P. and Chown, T.",
title = "A Survey of {IP}v6 Site Multihoming Proposals",
booktitle = "Proc. 8th International Conference on Telecommunications ({ConTel})",
year = "2005",
month = "June",
}

@INPROCEEDINGS{naderi2011review,
author = "Naderi, H. and Carpenter, B. E.",
title = "A Review of {IP}v6 Multihoming Solutions",
booktitle = "Proc. 10th International Conference on Networks ({ICON})",
year = "December",
month = "2011",
}

@MISC{ns3,
	title = "{ns-3}",
	note = "See \url{https://www.nsnam.org/}",
}

@MISC{atlas,
	title = "{RIPE Atlas}",
	note = "See \url{https://atlas.ripe.net/}",
}

@MISC{saucez2009openlisp,
author = "Saucez, D. and Iannone, L. and Bonaventure, O.",
title = "{OpenLISP}: An Open Source Implementation of the Locator/{ID} Separation Protocol",
howpublished = "{ACM SIGCOMM} Demo Session",
year = "2009",
month = "August",
}
                         
@TECHREPORT{meyer-lisp-mn-16,
author = "Farinacci, D. and Lewis, D. and Meyer, D. and White, C.",
title = "{LISP} Mobile Node",
institution = "{I}nternet {E}ngineering {T}ask {F}orce",
year = "2016",
type = "Internet Draft (Work in Progress)",
number = "draft-meyer-lisp-mn-16",
month = "December",
}     

@ARTICLE{vassiliou2010analysis,
author = "Vassiliou, V. and Zinonos, Z.",
title = "An Analysis of the Handover Latency Components in Mobile {IP}v6",
journal = "Journal of Internet Engineering",
year = "2009",
volume = "3",
number = "1",
pages = "230--240",
month = "December",
}            

@INPROCEEDINGS{klein2012integration,
author = "Klein, D. and Hartmann, M. and Hoefling, M. and Menth, M.",
title = "Integration of {LISP} and {LIS-MN} into {INET}",
booktitle = "Proc. 5th International Conference on Simulation Tools and Techniques ({ICSCT})",
year = "2012",
month = "March",
}

@ARTICLE{rana2017implementation,
author = "Rana, M. K. and Sardar, B. and MAndal, s. and Saha, D.",
title = "Implementation and Performance Evaluation of a Mobile {IP}v6 ({MIPv6}) Simulation Model for ns-3",
journal = "Simulation Modelling Practice and Theory",
year = "2017",
volume = "72",
number = "10",
pages = "1--22",
month = "March",
}

@INPROCEEDINGS{lezama2009implementation,
author = "Lezama, D. and Grampin, E. and Gagliano, R.",
title = "Implementation of {LISP} Evaluation Tools",
booktitle = "Proc. Network Operations and Management Symposium",
year = "2009",
month = "October",
}

@INPROCEEDINGS{isah2017towards,
author = "Isah, M. and Simpson, S. and Sani, Y. and Edwards, C.",
title = "Towards Zero Packet Loss with {LISP} Mobile Node",
booktitle = "Proc. International Conference on Computing, Networking and Communications ({ICNC})",
year = "2017",
month = "January",
}

@INPROCEEDINGS{tang2017lisp,
author = "Tang, Z. and Zhou, Y. and Deng, W. and Wang, B.",
title = "{LISP-HNM}: Integrated Fast Host and Network Mobility Control in {LISP} Networks",
booktitle = "Proc. 15th International Symposium on Modeling and Optimization in Mobile, Ad Hoc, and Wireless Networks ({WiOpt})",
year = "2017",
month = "May",
}
              
@TECHREPORT{saucez2016locator,
author = "Saucez, D. and Iannone, L. and Cabellos, A. and Coras, F.",
title = "Locator/{ID} Separation Protocol ({LISP}) Impact",
institution = "{I}nternet {E}ngineering {T}ask {F}orce",
year = "2016",
type = "{RFC}",
number = "7834",
month = "April",
}              

@ARTICLE{phung2014openlisp,
author = "Phung, D. and Secci, S. and Saucez, D. and Iannone, L.",
title = "The {OpenLISP} Control Plane Architecture",
journal = "{IEEE} Network",
year = "2014",
volume = "28",
number = "2",
pages = "34--40",
month = "March/April",
}


@TECHREPORT{ietf-lisp-rfc6830bis-03,
author = "Farinacci, D. and Fuller, V. and Meyer, D. and Lewis, D. and Cabellos, A.",
title = "The Locator/{ID} Separation Protocol ({LISP})",
institution = "{I}nternet {E}ngineering {T}ask {F}orce",
year = "2017",
type = "Internet Draft (Work in Progress)",
number = "draft-ietf-lisp-rfc6830bis-05",
month = "August",
}


@misc{LISPmob,
	title = "LISPmob (website)",
	note = "\url{https://www.openoverlayrouter.org/lispmob/}",
}

@misc{CiscoIOS,
	title = "Cisco LISP implementation (website)",
	note = "\url{https://www.cisco.com/c/en/us/products/ios-nx-os-software/locator-id-separation-protocol-lisp/index.html}",
}

@article{saucez2012designing,
	title={Designing a deployable internet: The locator/identifier separation protocol},
	author={Saucez, Damien and Iannone, Luigi and Bonaventure, Olivier and Farinacci, Dino},
	journal={IEEE Internet Computing},
	volume={16},
	number={6},
	pages={14--21},
	year={2012},
	publisher={IEEE}
}

@inproceedings{phoomikiattisak2016control,
	title={Control plane handoff analysis for IP mobility},
	author={Phoomikiattisak, Ditchaphong and Bhatti, Saleem N},
	booktitle={Wireless and Mobile Networking Conference (WMNC), 2016 9th IFIP},
	pages={65--72},
	year={2016},
	organization={IEEE}
}
